%YAML 1.1
%TAG !u! tag:unity3d.com,2011:
--- !u!1 &2782362413349672396
GameObject:
  m_ObjectHideFlags: 0
  m_CorrespondingSourceObject: {fileID: 0}
  m_PrefabInstance: {fileID: 0}
  m_PrefabAsset: {fileID: 0}
  serializedVersion: 6
  m_Component:
  - component: {fileID: 3774080078685631491}
  m_Layer: 0
  m_Name: Grass_3
  m_TagString: Untagged
  m_Icon: {fileID: 0}
  m_NavMeshLayer: 0
  m_StaticEditorFlags: 0
  m_IsActive: 1
--- !u!4 &3774080078685631491
Transform:
  m_ObjectHideFlags: 0
  m_CorrespondingSourceObject: {fileID: 0}
  m_PrefabInstance: {fileID: 0}
  m_PrefabAsset: {fileID: 0}
  m_GameObject: {fileID: 2782362413349672396}
  m_LocalRotation: {x: 0, y: 0, z: 0, w: 1}
  m_LocalPosition: {x: 1.676, y: 0, z: 0}
  m_LocalScale: {x: 1, y: 1, z: 1}
  m_Children:
  - {fileID: 8330523698244288652}
  - {fileID: 5451047734558651616}
  - {fileID: 2862780845695399082}
  m_Father: {fileID: 0}
  m_RootOrder: 0
  m_LocalEulerAnglesHint: {x: 0, y: 0, z: 0}
--- !u!1001 &2319386241806242625
PrefabInstance:
  m_ObjectHideFlags: 0
  serializedVersion: 2
  m_Modification:
    m_TransformParent: {fileID: 3774080078685631491}
    m_Modifications:
    - target: {fileID: -8679921383154817045, guid: 8ca8d867c4fbf394ab891645130ba733, type: 3}
      propertyPath: m_RootOrder
      value: 2
      objectReference: {fileID: 0}
    - target: {fileID: -8679921383154817045, guid: 8ca8d867c4fbf394ab891645130ba733, type: 3}
      propertyPath: m_LocalPosition.x
      value: -0.001
      objectReference: {fileID: 0}
    - target: {fileID: -8679921383154817045, guid: 8ca8d867c4fbf394ab891645130ba733, type: 3}
      propertyPath: m_LocalPosition.y
      value: 0.42
      objectReference: {fileID: 0}
    - target: {fileID: -8679921383154817045, guid: 8ca8d867c4fbf394ab891645130ba733, type: 3}
      propertyPath: m_LocalPosition.z
      value: 0
      objectReference: {fileID: 0}
    - target: {fileID: -8679921383154817045, guid: 8ca8d867c4fbf394ab891645130ba733, type: 3}
      propertyPath: m_LocalRotation.w
      value: 1
      objectReference: {fileID: 0}
    - target: {fileID: -8679921383154817045, guid: 8ca8d867c4fbf394ab891645130ba733, type: 3}
      propertyPath: m_LocalRotation.x
      value: -0
      objectReference: {fileID: 0}
    - target: {fileID: -8679921383154817045, guid: 8ca8d867c4fbf394ab891645130ba733, type: 3}
      propertyPath: m_LocalRotation.y
      value: -0
      objectReference: {fileID: 0}
    - target: {fileID: -8679921383154817045, guid: 8ca8d867c4fbf394ab891645130ba733, type: 3}
      propertyPath: m_LocalRotation.z
      value: -0
      objectReference: {fileID: 0}
    - target: {fileID: -8679921383154817045, guid: 8ca8d867c4fbf394ab891645130ba733, type: 3}
      propertyPath: m_LocalEulerAnglesHint.x
      value: 0
      objectReference: {fileID: 0}
    - target: {fileID: -8679921383154817045, guid: 8ca8d867c4fbf394ab891645130ba733, type: 3}
      propertyPath: m_LocalEulerAnglesHint.y
      value: 0
      objectReference: {fileID: 0}
    - target: {fileID: -8679921383154817045, guid: 8ca8d867c4fbf394ab891645130ba733, type: 3}
      propertyPath: m_LocalEulerAnglesHint.z
      value: 0
      objectReference: {fileID: 0}
    - target: {fileID: 919132149155446097, guid: 8ca8d867c4fbf394ab891645130ba733, type: 3}
      propertyPath: m_Name
      value: Grass1
      objectReference: {fileID: 0}
    m_RemovedComponents: []
  m_SourcePrefab: {fileID: 100100000, guid: 8ca8d867c4fbf394ab891645130ba733, type: 3}
--- !u!4 &2862780845695399082 stripped
Transform:
  m_CorrespondingSourceObject: {fileID: -8679921383154817045, guid: 8ca8d867c4fbf394ab891645130ba733, type: 3}
  m_PrefabInstance: {fileID: 2319386241806242625}
  m_PrefabAsset: {fileID: 0}
--- !u!1001 &5488967061267649291
PrefabInstance:
  m_ObjectHideFlags: 0
  serializedVersion: 2
  m_Modification:
    m_TransformParent: {fileID: 3774080078685631491}
    m_Modifications:
    - target: {fileID: -8679921383154817045, guid: 0fb2dd1a7af17b04fad06545a20f7e51, type: 3}
      propertyPath: m_RootOrder
      value: 1
      objectReference: {fileID: 0}
    - target: {fileID: -8679921383154817045, guid: 0fb2dd1a7af17b04fad06545a20f7e51, type: 3}
      propertyPath: m_LocalPosition.x
      value: 0.171
      objectReference: {fileID: 0}
    - target: {fileID: -8679921383154817045, guid: 0fb2dd1a7af17b04fad06545a20f7e51, type: 3}
      propertyPath: m_LocalPosition.y
      value: 0.42
      objectReference: {fileID: 0}
    - target: {fileID: -8679921383154817045, guid: 0fb2dd1a7af17b04fad06545a20f7e51, type: 3}
      propertyPath: m_LocalPosition.z
      value: 0
      objectReference: {fileID: 0}
    - target: {fileID: -8679921383154817045, guid: 0fb2dd1a7af17b04fad06545a20f7e51, type: 3}
      propertyPath: m_LocalRotation.w
      value: 1
      objectReference: {fileID: 0}
    - target: {fileID: -8679921383154817045, guid: 0fb2dd1a7af17b04fad06545a20f7e51, type: 3}
      propertyPath: m_LocalRotation.x
      value: -0
      objectReference: {fileID: 0}
    - target: {fileID: -8679921383154817045, guid: 0fb2dd1a7af17b04fad06545a20f7e51, type: 3}
      propertyPath: m_LocalRotation.y
      value: -0
      objectReference: {fileID: 0}
    - target: {fileID: -8679921383154817045, guid: 0fb2dd1a7af17b04fad06545a20f7e51, type: 3}
      propertyPath: m_LocalRotation.z
      value: -0
      objectReference: {fileID: 0}
    - target: {fileID: -8679921383154817045, guid: 0fb2dd1a7af17b04fad06545a20f7e51, type: 3}
      propertyPath: m_LocalEulerAnglesHint.x
      value: 0
      objectReference: {fileID: 0}
    - target: {fileID: -8679921383154817045, guid: 0fb2dd1a7af17b04fad06545a20f7e51, type: 3}
      propertyPath: m_LocalEulerAnglesHint.y
      value: 0
      objectReference: {fileID: 0}
    - target: {fileID: -8679921383154817045, guid: 0fb2dd1a7af17b04fad06545a20f7e51, type: 3}
      propertyPath: m_LocalEulerAnglesHint.z
      value: 0
      objectReference: {fileID: 0}
    - target: {fileID: 919132149155446097, guid: 0fb2dd1a7af17b04fad06545a20f7e51, type: 3}
      propertyPath: m_Name
      value: Grass2
      objectReference: {fileID: 0}
    m_RemovedComponents: []
  m_SourcePrefab: {fileID: 100100000, guid: 0fb2dd1a7af17b04fad06545a20f7e51, type: 3}
--- !u!4 &5451047734558651616 stripped
Transform:
  m_CorrespondingSourceObject: {fileID: -8679921383154817045, guid: 0fb2dd1a7af17b04fad06545a20f7e51, type: 3}
  m_PrefabInstance: {fileID: 5488967061267649291}
  m_PrefabAsset: {fileID: 0}
--- !u!1001 &8363552122271065959
PrefabInstance:
  m_ObjectHideFlags: 0
  serializedVersion: 2
  m_Modification:
    m_TransformParent: {fileID: 3774080078685631491}
    m_Modifications:
    - target: {fileID: -8679921383154817045, guid: a635774115228ad40b858f4fccdce4b9, type: 3}
      propertyPath: m_RootOrder
      value: 0
      objectReference: {fileID: 0}
    - target: {fileID: -8679921383154817045, guid: a635774115228ad40b858f4fccdce4b9, type: 3}
      propertyPath: m_LocalPosition.x
      value: -0.121
      objectReference: {fileID: 0}
    - target: {fileID: -8679921383154817045, guid: a635774115228ad40b858f4fccdce4b9, type: 3}
      propertyPath: m_LocalPosition.y
      value: 0.42
      objectReference: {fileID: 0}
    - target: {fileID: -8679921383154817045, guid: a635774115228ad40b858f4fccdce4b9, type: 3}
      propertyPath: m_LocalPosition.z
      value: 0
      objectReference: {fileID: 0}
    - target: {fileID: -8679921383154817045, guid: a635774115228ad40b858f4fccdce4b9, type: 3}
      propertyPath: m_LocalRotation.w
      value: 1
      objectReference: {fileID: 0}
    - target: {fileID: -8679921383154817045, guid: a635774115228ad40b858f4fccdce4b9, type: 3}
      propertyPath: m_LocalRotation.x
      value: -0
      objectReference: {fileID: 0}
    - target: {fileID: -8679921383154817045, guid: a635774115228ad40b858f4fccdce4b9, type: 3}
      propertyPath: m_LocalRotation.y
      value: -0
      objectReference: {fileID: 0}
    - target: {fileID: -8679921383154817045, guid: a635774115228ad40b858f4fccdce4b9, type: 3}
      propertyPath: m_LocalRotation.z
      value: -0
      objectReference: {fileID: 0}
    - target: {fileID: -8679921383154817045, guid: a635774115228ad40b858f4fccdce4b9, type: 3}
      propertyPath: m_LocalEulerAnglesHint.x
      value: 0
      objectReference: {fileID: 0}
    - target: {fileID: -8679921383154817045, guid: a635774115228ad40b858f4fccdce4b9, type: 3}
      propertyPath: m_LocalEulerAnglesHint.y
      value: 0
      objectReference: {fileID: 0}
    - target: {fileID: -8679921383154817045, guid: a635774115228ad40b858f4fccdce4b9, type: 3}
      propertyPath: m_LocalEulerAnglesHint.z
      value: 0
      objectReference: {fileID: 0}
    - target: {fileID: 919132149155446097, guid: a635774115228ad40b858f4fccdce4b9, type: 3}
      propertyPath: m_Name
      value: Grass3
      objectReference: {fileID: 0}
    m_RemovedComponents: []
  m_SourcePrefab: {fileID: 100100000, guid: a635774115228ad40b858f4fccdce4b9, type: 3}
--- !u!4 &8330523698244288652 stripped
Transform:
  m_CorrespondingSourceObject: {fileID: -8679921383154817045, guid: a635774115228ad40b858f4fccdce4b9, type: 3}
  m_PrefabInstance: {fileID: 8363552122271065959}
  m_PrefabAsset: {fileID: 0}
